------------------------------------------------------------------------
@InProceedings{lowe1999a,
  Title                    = {Object recognition from local scale-invariant features},
  Author                   = {Lowe, David G},
  Booktitle                = {Computer vision, 1999. The proceedings of the seventh IEEE international conference on},
  Year                     = {1999},
  Organization             = {Ieee},
  Pages                    = {1150--1157},
  Volume                   = {2},

  File                     = {lowe1999a.pdf:lowe1999a.pdf:PDF},
  Owner                    = {fabs},
  Timestamp                = {2015.10.28}
}

@Article{lowe2004a,
  Title                    = {Distinctive image features from scale-invariant keypoints},
  Author                   = {Lowe, David G},
  Journal                  = {International journal of computer vision},
  Year                     = {2004},
  Number                   = {2},
  Pages                    = {91--110},
  Volume                   = {60},

  File                     = {lowe2004a.pdf:lowe2004a.pdf:PDF},
  Owner                    = {fabs},
  Publisher                = {Springer},
  Timestamp                = {2016.01.04}
}

@InProceedings{muja2009a,
  Title                    = {Fast Approximate Nearest Neighbors with Automatic Algorithm Configuration},
  Author                   = {Muja, Marius and Lowe, David G},
  Booktitle                = {International Conference on Computer Vision Theory and Application VISSAPP},
  Year                     = {2009},
  Volume                   = {2},

  File                     = {muja2009a.pdf:muja2009a.pdf:PDF},
  Owner                    = {fabs},
  Timestamp                = {2015.10.13}
}

@InProceedings{muja2012a,
  Title                    = {Fast matching of binary features},
  Author                   = {Muja, Marius and Lowe, David G},
  Booktitle                = {Computer and Robot Vision (CRV), 2012 Ninth Conference on},
  Year                     = {2012},
  Organization             = {IEEE},
  Pages                    = {404--410},

  File                     = {muja2012a.pdf:muja2012a.pdf:PDF},
  Owner                    = {fabs},
  Timestamp                = {2015.10.13}
}

@Article{muja2014a,
  Title                    = {Scalable nearest neighbor algorithms for high dimensional data},
  Author                   = {Muja, Marius and Lowe, David G},
  Journal                  = {Pattern Analysis and Machine Intelligence, IEEE Transactions on},
  Year                     = {2014},
  Number                   = {11},
  Pages                    = {2227--2240},
  Volume                   = {36},

  File                     = {muja2014a.pdf:muja2014a.pdf:PDF},
  Owner                    = {fabs},
  Publisher                = {IEEE},
  Timestamp                = {2015.10.13}
}

@Article{guttman1984a,
  Title                    = {R-trees: a dynamic index structure for spatial searching},
  Author                   = {Guttman, Antonin},
  Journal                  = {ACM SIGMOD},
  Year                     = {1984},
  Number                   = {2},
  Volume                   = {14},

  File                     = {guttman1984a.pdf:guttman1984a.pdf:PDF},
  Owner                    = {fabs},
  Publisher                = {ACM},
  Timestamp                = {2015.11.15}
}

@PhdThesis{lu2014a,
  Title                    = {Multicore construction of kd trees with applications in graphics and vision},
  Author                   = {Lu, Victor},
  School                   = {University of Illinois at Urbana-Champaign},
  Year                     = {2014},

  File                     = {lu2014a.pdf:lu2014a.pdf:PDF},
  Owner                    = {fabs},
  Timestamp                = {2015.11.15}
}

@Article{bentley1975a,
    author = {Bentley, Jon Louis},
    title = {Multidimensional Binary Search Trees Used for Associative
        Searching},
    journal = {Commun. ACM},
    issue_date = {Sept. 1975},
    volume = {18},
    number = {9},
    month = sep,
    year = {1975},
    issn = {0001-0782},
    pages = {509--517},
    numpages = {9},
    url = {http://doi.acm.org/10.1145/361002.361007},
    doi = {10.1145/361002.361007},
    acmid = {361007},
    publisher = {ACM},
    address = {New York, NY, USA},
    keywords = {associative retrieval, attribute, binary
        search trees, binary tree insertion, information
        retrieval system, intersection queries, key, nearest
        neighbor queries, partial match queries},
} 

@Article{friedman1977a,
    author = {Friedman, Jerome H. and Bentley, Jon Louis and Finkel, Raphael
        Ari},
    title = {An Algorithm for Finding Best Matches in Logarithmic Expected
        Time},
    journal = {ACM Trans. Math. Softw.},
    issue_date = {Sept. 1977},
    volume = {3},
    number = {3},
    month = sep,
    year = {1977},
    issn = {0098-3500},
    pages = {209--226},
    numpages = {18},
    url = {http://doi.acm.org/10.1145/355744.355745},
    doi = {10.1145/355744.355745},
    acmid = {355745},
    publisher = {ACM},
    address = {New York, NY, USA},
} 

@Article{meagher1982a,
  Title                    = {Geometric modeling using octree encoding},
  Author                   = {Meagher, Donald},
  Journal                  = {Computer graphics and image processing},
  Year                     = {1982},
  Number                   = {2},
  Pages                    = {129--147},
  Volume                   = {19},

  File                     = {meagher1982a.pdf:meagher1982a.pdf:PDF},
  Owner                    = {fabs},
  Publisher                = {Elsevier},
  Timestamp                = {2015.11.15}
}

@InProceedings{choi2010a,
  Title                    = {Parallel SAH kD tree construction},
  Author                   = {Choi, Byn and Komuravelli, Rakesh and Lu, Victor and Sung, Hyojin and Bocchino, Robert L and Adve, Sarita V and Hart, John C},
  Booktitle                = {Proceedings of the Conference on High Performance Graphics},
  Year                     = {2010},
  Organization             = {Eurographics Association},
  Pages                    = {77--86},

  File                     = {choi2010a.pdf:choi2010a.pdf:PDF},
  Owner                    = {fabs},
  Timestamp                = {2015.11.05}
}

@Article{torralba2008a,
  Title                    = {80 million tiny images: A large data set for nonparametric object and scene recognition},
  Author                   = {Torralba, Antonio and Fergus, Rob and Freeman, William T},
  Journal                  = {Pattern Analysis and Machine Intelligence, IEEE Transactions on},
  Year                     = {2008},
  Number                   = {11},
  Pages                    = {1958--1970},
  Volume                   = {30},

  File                     = {torralba2008a.pdf:torralba2008a.pdf:PDF},
  Owner                    = {fabs},
  Publisher                = {IEEE},
  Timestamp                = {2015.10.14}
}

@InProceedings{garcia2008a,
  Title                    = {Fast k nearest neighbor search using GPU},
  Author                   = {Garcia, Vincent and Debreuve, Eric and Barlaud, Michel},
  Booktitle                = {Computer Vision and Pattern Recognition Workshops, 2008. CVPRW'08. IEEE Computer Society Conference on},
  Year                     = {2008},
  Organization             = {IEEE},
  Pages                    = {1--6},

  File                     = {garcia2008a.pdf:garcia2008a.pdf:PDF},
  Owner                    = {fabs},
  Timestamp                = {2015.10.13}
}

@InProceedings{garcia2010a,
  Title                    = {K-nearest neighbor search: Fast GPU-based implementations and application to high-dimensional feature matching},
  Author                   = {Garcia, Vincent and Debreuve, Eric and Nielsen, Frank and Barlaud, Michel},
  Booktitle                = {Image Processing (ICIP), 2010 17th IEEE International Conference on},
  Year                     = {2010},
  Organization             = {IEEE},
  Pages                    = {3757--3760},

  File                     = {garcia2010a.pdf:garcia2010a.pdf:PDF},
  Owner                    = {fabs},
  Timestamp                = {2015.10.13}
}

@Book{shakhnarovich2006a,
  Title                    = {Nearest-neighbor methods in learning and vision: theory and practice},
  Author                   = {Shakhnarovich, Gregory and Indyk, Piotr and Darrell, Trevor},
  Year                     = {2006},

  File                     = {shakhnarovich2006a.pdf:shakhnarovich2006a.pdf:PDF},
  Owner                    = {fabs},
  Timestamp                = {2015.10.05}
}

@Article{cover1967a,
  Title                    = {Nearest neighbor pattern classification},
  Author                   = {Cover, Thomas M and Hart, Peter E},
  Journal                  = {Information Theory, IEEE Transactions on},
  Year                     = {1967},
  Number                   = {1},
  Pages                    = {21--27},
  Volume                   = {13},

  File                     = {cover1967a.pdf:cover1967a.pdf:PDF},
  Owner                    = {fabs},
  Publisher                = {IEEE},
  Timestamp                = {2015.10.03}
}

@Article{cover1968a,
  Title                    = {Estimation by the nearest neighbor rule},
  Author                   = {Cover, Thomas M},
  Journal                  = {Information Theory, IEEE Transactions on},
  Year                     = {1968},
  Number                   = {1},
  Pages                    = {50--55},
  Volume                   = {14},

  File                     = {cover1968a.pdf:cover1968a.pdf:PDF},
  Owner                    = {fabs},
  Publisher                = {IEEE},
  Timestamp                = {2015.10.03}
}

@Article{dudani1976a,
  Title                    = {The distance-weighted k-nearest-neighbor rule},
  Author                   = {Dudani, Sahibsingh A},
  Journal                  = {Systems, Man and Cybernetics, IEEE Transactions on},
  Year                     = {1976},
  Number                   = {4},
  Pages                    = {325--327},

  File                     = {dudani1976a.pdf:dudani1976a.pdf:PDF},
  Owner                    = {fabs},
  Publisher                = {IEEE},
  Timestamp                = {2015.10.03}
}

@Article{fukunaga1973a,
  Title                    = {Optimization of k nearest neighbor density estimates},
  Author                   = {Fukunaga, Keinosuke and Hostetler, Larry D},
  Journal                  = {Information Theory, IEEE Transactions on},
  Year                     = {1973},
  Number                   = {3},
  Pages                    = {320--326},
  Volume                   = {19},

  File                     = {fukunaga1973a.pdf:fukunaga1973a.pdf:PDF},
  Owner                    = {fabs},
  Publisher                = {IEEE},
  Timestamp                = {2015.10.03}
}

@INPROCEEDINGS{silpa2008a, 
    author={Silpa-Anan, C. and Hartley, R.}, 
    booktitle={Computer Vision and Pattern Recognition, 2008. CVPR 2008. IEEE
        Conference on}, 
    title={Optimised KD-trees for fast image descriptor matching}, 
    year={2008}, 
    pages={1-8}, 
    doi={10.1109/CVPR.2008.4587638}, 
    ISSN={1063-6919}, 
    month={June}
}
------------------------------------------------------------------------
@BOOK{Higham:98,
        AUTHOR =        {N.J. Higham},
        TITLE =         {Handbook of Writing for Mathematical Sciences},
        PUBLISHER =     {SIAM},
        YEAR =          {1998}
        }

@Book{Strunk:00,
  author = 	 {W. Strunk~Jr. and E.B. White},
  title = 	 {Elements of Style},
  publisher = 	 {Longman},
  year = 	 {2000},
  edition = 	 {4th}
}

@MISC{Pueschel:10,
        Author =        {M.~P\"uschel},
        Title =         {Benchmarking comments},
        Howpublished =  {online:~http://people.inf.ethz.ch/markusp/teaching/263-2300-ETH-spring11/slides/class05.pdf}
        }
